<record><leader>00000cas a22000007a 4500</leader><controlfield tag="001">12791327</controlfield><controlfield tag="008">851113c18959999inuwr ne      0    0eng d</controlfield><datafield ind1=" " ind2=" " tag="010"><subfield code="a">sn 85048162 </subfield></datafield><datafield ind1=" " ind2=" " tag="040"><subfield code="a">NPI</subfield><subfield code="b">eng</subfield><subfield code="c">NPI</subfield><subfield code="d">OCLCQ</subfield></datafield><datafield ind1=" " ind2=" " tag="042"><subfield code="a">msc</subfield></datafield><datafield ind1="0" ind2="4" tag="245"><subfield code="a">The Brookville Democrat.</subfield></datafield><datafield ind1=" " ind2=" " tag="260"><subfield code="a">Brookville, Ind. :</subfield><subfield code="b">Whitewater Publications,</subfield><subfield code="c">1895-</subfield></datafield><datafield ind1=" " ind2=" " tag="300"><subfield code="a">v. :</subfield><subfield code="b">ill. ;</subfield><subfield code="c">58 cm.</subfield></datafield><datafield ind1=" " ind2=" " tag="310"><subfield code="a">Weekly</subfield></datafield><datafield ind1="0" ind2=" " tag="362"><subfield code="a">57th year, no. 3 (Jan. 17, 1895)-</subfield></datafield><datafield ind1=" " ind2=" " tag="500"><subfield code="a">Established by: M.H. Irwin.</subfield></datafield><datafield ind1=" " ind2=" " tag="525"><subfield code="a">A supplement called "The Whitewater valley explorer" has been published seven months a year (Jan., Apr.-Sept.) since 1975. This publication was also issued as a supplement to "The Brookville American."</subfield></datafield><datafield ind1=" " ind2=" " tag="525"><subfield code="a">A "Brookville sesquicentennial" supplement was published (June 12, 1958).</subfield></datafield><datafield ind1=" " ind2=" " tag="525"><subfield code="a">A "Bicentennial supplement" to "The Brookville American" and "The Brookville Democrat" was published on June 24, 1976.</subfield></datafield><datafield ind1=" " ind2=" " tag="752"><subfield code="a">United States</subfield><subfield code="b">Indiana</subfield><subfield code="c">Franklin</subfield><subfield code="d">Brookville.</subfield></datafield><datafield ind1="0" ind2="0" tag="780"><subfield code="t">Franklin Democrat (Brookville, Ind. : 1859)</subfield><subfield code="w">(DLC)sn 84027284</subfield></datafield><datafield ind1="1" ind2=" " tag="787"><subfield code="t">Whitewater valley explorer</subfield></datafield></record>